@inproceedings{STK,
	Author = {P. Cook},
	Booktitle = {Proceedings of the International Computer Music Conference (ICMC)},
	Title = {The Synthesis ToolKit (STK)},
	Pages = {299--304}, 
	Year = {1999},
        Address = {Beijing, China}, 
        Month = {Oct.,}}

@inbook{modal,
	Author = {J-M. Adrien},
	Chapter = {The missing link: Modal Synthesis},
	Publisher = {G. DePoli, A. Picialli, and C. Roads Eds. MIT Press},
        Address = {Cambridge, MA},
	Title = {Representations of Musical Signals},
	Pages = {269--297}, 
	Year = {1991}}

@inproceedings{bdWaveGuides,
	Author = {G. ESSL and P. COOK},
	Booktitle = {Proceedings of the International Computer Music Conference (ICMC)},
	Title = {Banded Waveguides: Towards Physical Modeling Of Bowed Bar Percussion Instruments},
	Pages = {321--324}, 
	Year = {1999},
        Address = {Beijing, China}, 
        Month = {Oct.,}}

@unpublished{faust2pd,
	Author = {A. Graef},
	Title = {{faust2pd: Pd Patch Generator for Faust}}, 
	note = {Available at \href{http://docs.pure-lang.googlecode.com/hg/faust2pd.html}{http://docs.pure-lang.googlecode.com/hg/faust2pd.html}},
	Year = {accessed March 01, 2011}}

@unpublished{stk2pd,
	Author = {M. Gurevich and C. Chafe},
	Title = {{Stk2pd}}, 
	note = {Available at \href{https://ccrma.stanford.edu/wiki/Stk2pd}{https://ccrma.stanford.edu/wiki/Stk2pd}},
	Year = {accessed March 01, 2011}}

@article{KS,
	Author = {K. Karplus and A. Strong},
	Title = {Digital Synthesis of Plucked String and Drum Timbres},
	Journal = {Computer Music Journal},
	Volume = 7,
	Number = 2,
	Year = 1983,
	Pages = {43--55}}

@phdthesis{Esteban,
	Author = {E. Maestre-Gomez},
	School = {University Pompeu Fabra},
	Title = {Modeling Instrumental Gesture: An Analysis/Synthesis Framework for
Violin Bowing},
	Year = 2009}

@inproceedings{synthBuilder,
	Author = {D. Jaffe and N. Porcaro and G. Scandalis and J. Smith and T. Stilson},
	Booktitle = {Proceedings of the International Computer Music Conference (ICMC)},
	Title = {SynthBuilder: a graphical real-time synthesis, processing and
  performance system},
	Pages = {61--64}, 
	Year = 1995,
        Address = {Banff, Canada}}

@unpublished{libsndfile,
	Author = {E. Castro Lopo (de)},
	Title = {{libsndile}}, 
	note = {Available at \href{http://www.mega-nerd.com/libsndfile/}{http://www.mega-nerd.com/libsndfile/}},
	Year = {accessed March 01, 2011}}

@book{linearSpeech,
	Author = {J. D. Markel and A. H. Gray},
	Title = {Linear Prediction of Speech},
	Publisher = {Springer Verlag},
	Address = {New York, USA},
	Year = 1976}

@inproceedings{brassMouth,
	Author = {X. Rodet},
	Booktitle = {Proceedings of the International Computer Music Conference (ICMC)},
	Title = {One and two mass model oscillations for voice and instruments},
	Pages = {207--214}, 
	Year = 1995,
        Address = {Banff, Canada}}

@techreport{pianoSTK,
	Author = {S. Sinclair},
	Title = {Implementing the SynthBuilder Piano in STK},
	Institution = {{McGill University, Canada}},
	Year = {2006}}

@inproceedings{reedBore,
	Author = {J. Smith},
	Booktitle = {Proceedings of the International Computer Music Conference (ICMC)},
	Title = {Efficient simulation of the reed-bore and bow-string mechanisms},
	Pages = {275--280}, 
	Year = 1986,
        Address = {The Hague, Holland}}

@techreport{faustEks,
	Author = {J. Smith},
	Title = {Making Virtual Electric Guitars and Associated Effects Using
  Faust},
	Institution = {{CCRMA, Stanford University}},
	Year = {2009}}

@article{waveGuide,
	Author = {J. Smith},
	Title = {Physical Modeling using Digital Waveguides},
	Journal = {Computer Music Journal},
	Volume = 16,
	Number = 4,
	Year = 1992,
	Pages = {74--91}}

@inproceedings{commutedPiano,
	Author = {J. Smith and S. Van Duyne},
	Booktitle = {Proceedings of the International Computer Music Conference (ICMC)},
	Title = {Commuted Piano Synthesis},
	Pages = {319--326}, 
	Year = 1995,
        Address = {Banff, Canada}}

@phdthesis{jet,
	Author = {M-P. Verge},
	School = {Eindhoven University},
	Title = {Aeroacoustics of Confined Jets with Applications to the Physical
  Modeling of Recorder-Like Instruments},
	Year = {1995}}

@string{Smith3 =  "{Smith III}"}
@string(PASPURL = "\url{https://ccrma.stanford.edu/~jos/pasp/}")
@BOOK{PASP,
	AUTHOR = "Julius O. " # Smith3,
	TITLE = "Physical Audio Signal Processing",
	PUBLISHER = PASPURL,
        MONTH = dec,
	YEAR = 2010,
	NOTE = "online~book"
}

@ARTICLE{KL,
	AUTHOR = "J. L. Kelly and C. C. Lochbaum",
	TITLE = "Speech Synthesis",
	JOURNAL = "Proc.{} Fourth Int.{} Congress on Acoustics, Copenhagen", 
	PAGES = {1--4},
	MONTH = "September",
	YEAR = 1962,
	NOTE = "Paper G42"
}
                  
@INPROCEEDINGS{NLF,
	AUTHOR = "Julius Smith and Romain Michon",
        TITLE = "Nonlinear Allpass Ladder Filters in Faust",
        BOOKTITLE = "in review",
	YEAR = 2011
}

@string(icmc92 =  "Proc.{} 1992 Int.{} Comp\-ut\-er Music Conf., San Jose")
@string(wgoURL = "\url{http://ccrma.stanford.edu/~jos/wgo/}")
@INPROCEEDINGS{PRCJOS,
	AUTHOR = "Julius O. " # Smith3 # " and Perry R. Cook",
	TITLE = "The Second-Order Digital Wave\-guide Oscillator",
	BOOKTITLE = icmc92,
	PUBLISHER = "Computer Music Association",
	PAGES = {150--153},
	YEAR = 1992,
	NOTE = "" # wgoURL
}
