@string{Smith3 =  "{Smith III}"}

@BOOK{FletcherAndRossing98,
	AUTHOR = "N. H. Fletcher and T. D. Rossing",
	TITLE = "The Physics of Musical Instruments, 2nd Edition",
	PUBLISHER = "Springer Verlag",
	ADDRESS = "New York",
	ISBN = "0-387-98374-0",
        NOTEDONTPRINT = "485 illustrations, hardcover, 756 pages", 
	YEAR = 1998
}

@InProceedings{vanDuy93,
  author = "Van Duyne, Scott A. and Julius O. " # Smith3,
  title  = {Physical Modeling with the {2-D} Digital Waveguide Mesh},
  booktitle = ICMC,
  year = "1993",
  address = "Tokyo, Japan",
  month = sep,
  pages = {40--47}
}

@article{sav00,
  author = "Lauri Savioja and Vesa V{\"a}lim{\"a}ki",
  title = "Reducing the dispersion error in the digital waveguide mesh using interpolation and frequency-warping techniques",
  journal = SAP,
  year = "2000",
  volume = "8",
  number = "2",
  pages = {184--194},
  month = mar,
  note = ""
}

@ARTICLE{PierceAndVanDuyne97,
	AUTHOR = "John R. Pierce and Scott A. {Van Duyne}",
	TITLE = "A Passive Nonlinear Digital Filter Design which Facilitates Physics-Based
		Sound Synthesis of Highly Nonlinear Musical Instruments",
	JOURNAL = jasa,
        VOLUME = 101,
        NUMBER = 2,
        MONTH = feb,
        PAGES = {1120--1126},
	YEAR = 1997
}

@string(PASPURL = "\texttt{https://\-ccrma.stanford.edu/\-\~{}jos/\-pasp/}")
                  
@BOOK{PASP,
	AUTHOR = "Julius O. " # Smith3,
	TITLE = "Physical Audio Signal Processing",
	PUBLISHER = PASPURL,
        MONTH = dec,
	YEAR = 2010,
	NOTE = "online~book"
}

@INPROCEEDINGS{MattiB,
	AUTHOR = "Matti Karjalainen and Juhan Backman and J. {P\"olkki}",
	TITLE = "Analysis, Modeling, and Real-Time Sound Synthesis 
		of the Kantele, A Traditional {Finnish} String Instrument",
	BOOKTITLE = icassp93,
	PUBLISHER = "{IEEE} Press",
	ADDRESS = "New York",
	PAGES = {229-232},
	YEAR = 1993
}

@string{STK4URL =  "{\htmladdnormallink{\texttt{http:}}{http://ccrma.stanford.edu/software/stk/}\texttt{//\-ccrma.stanford.edu/software/stk/}}"}

@BOOK{STK4,
	AUTHOR = "Perry Cook and Gary Scavone",
	TITLE = "Synthesis ToolKit in {C++}",
	PUBLISHER = STK4URL,
	YEAR = 2010
}

@ARTICLE{GrayAndMarkel75,
	AUTHOR = "A. H. Gray and J. D. Markel",
	TITLE = "A Normalized Digital Filter Structure",
	JOURNAL = ieee_assp,
	YEAR = 1975,
	VOLUME = "ASSP-23",
	NUMBER = 3,
	MONTH = jun,
	PAGES = {268--277}
}

@BOOK{MG,
	AUTHOR = "J. D. Markel and A. H. Gray",
	TITLE = "Linear Prediction of Speech",
	PUBLISHER = "Springer Verlag",
	ADDRESS = "New York",
	YEAR = 1976
}
